@book{RESTfulWebAPIs,
  author    = {Leonard Richardson, Mike Amundsen}, 
  title     = {RESTful Web APIs},
  publisher = {O'Reilly},
  year      = 2013
}

@book{MasteringOAuth2,
  author    = {Charles Bihis}, 
  title     = {Mastering OAuth 2.0},
  publisher = {Packt Publishing},
  year      = 2015
}

@misc{Lumen,
  title = {Lumen homepage},
  howpublished = {\url{https://lumen.laravel.com/}}
}
